<?xml version="1.0" encoding="UTF-8"?><collection xmlns="http://www.loc.gov/MARC21/slim"><record><leader>00393nam--2200133-i-4500</leader><controlfield tag="001">000004393</controlfield><controlfield tag="002">20161230</controlfield><controlfield tag="005">20161230201025</controlfield><controlfield tag="008">060222s1000------------r-----000-0-eng-d</controlfield><datafield ind1=" " ind2=" " tag="100"><subfield code="a">Carrier, W.H., Cherne, R.E.And Grant, W.A</subfield></datafield><datafield ind1=" " ind2=" " tag="245"><subfield code="a">Modern air-conditioning, heating and ventilati ng. 2-nd edition</subfield></datafield><datafield ind1=" " ind2=" " tag="260"><subfield code="a">New York, Pitman Publ.Corp., 1950</subfield></datafield><datafield ind1=" " ind2=" " tag="490"><subfield code="a">Xvii + 574 P. + 1 Pl</subfield></datafield><datafield ind1=" " ind2=" " tag="852"><subfield code="a">..</subfield></datafield></record></collection>